@online{alcim,
  author  = {Alcimed},
  title   = {Artificial Intelligence at the service of drug repositioning},
  year    = 2021,
  url     = {https://www.alcimed.com/en/alcim-articles/artificial-intelligence-at-the-service-of-drug-repositioning/},
  urldate = {2022-06-24}
}

@article{repurposingconcept,
  title   = {Drug repoÂ­sitioning and repurposing: terminology and definitions in literature},
  author  = {Langedijk J, Mantel-Teeuwisse AK, Slijkerman DS},
  journal = {Drug Discov Today},
  volume  = {20},
  pages   = {1027--1034},
  year    = {2015}
}

@article{advantages,
  title   = {The repurposing drugs in oncology (ReDO) project},
  author  = {Pantziarka P, Bouche G, Meheus L},
  journal = {Ecancermedicalscience},
  year    = {2014}
}

@article{drugfindings,
  title   = {Drug repurposing: progress, challenges and recommendations},
  author  = {Pushpakom S, Iorio F, Eyers PA},
  journal = {Nat Rev Drug Discov},
  volume  = {18},
  pages   = {41--58},
  year    = {2019}
}